<record><leader>00000cas a22000007a 4500</leader><controlfield tag="001">18578766</controlfield><controlfield tag="008">881007d19091956aruwr ne      0    0eng d</controlfield><datafield ind1=" " ind2=" " tag="010"><subfield code="a">sn 88051112 </subfield></datafield><datafield ind1=" " ind2=" " tag="040"><subfield code="a">ANU</subfield><subfield code="b">eng</subfield><subfield code="c">ANU</subfield><subfield code="d">OCLCQ</subfield></datafield><datafield ind1=" " ind2=" " tag="042"><subfield code="a">msc</subfield></datafield><datafield ind1="0" ind2=" " tag="130"><subfield code="a">Democrat-enterprise (Ozark, Ark.)</subfield></datafield><datafield ind1="1" ind2="4" tag="245"><subfield code="a">The Democrat-enterprise.</subfield></datafield><datafield ind1="1" ind2="3" tag="246"><subfield code="a">Ozark Democrat-enterprise</subfield></datafield><datafield ind1=" " ind2=" " tag="260"><subfield code="a">Ozark, Ark. :</subfield><subfield code="b">C.C. Colburn, D.A. Ransom, W.S. Williams</subfield></datafield><datafield ind1=" " ind2=" " tag="300"><subfield code="a">v.</subfield></datafield><datafield ind1=" " ind2=" " tag="310"><subfield code="a">Weekly</subfield></datafield><datafield ind1="1" ind2=" " tag="362"><subfield code="a">Began in 1909; ceased in 1956.</subfield></datafield><datafield ind1=" " ind2=" " tag="515"><subfield code="a">Suspended from Feb. 14, 1926-Jan. 13, 1927.</subfield></datafield><datafield ind1=" " ind2=" " tag="588"><subfield code="a">Description based on: Vol. 2, no. 41 (Apr. 13, 1911).</subfield></datafield><datafield ind1=" " ind2=" " tag="752"><subfield code="a">United States</subfield><subfield code="b">Arkansas</subfield><subfield code="c">Franklin</subfield><subfield code="d">Ozark.</subfield></datafield><datafield ind1="0" ind2="4" tag="780"><subfield code="t">Ozark Democrat</subfield><subfield code="w">(DLC)sn 88051118</subfield></datafield><datafield ind1="0" ind2="4" tag="780"><subfield code="t">Franklin County enterprise (Ozark, Ark.)</subfield><subfield code="w">(DLC)sn 89051218</subfield></datafield></record>